<collection xmlns="http://www.loc.gov/MARC21/slim">
<record>
  <leader>01880nam0a22003011i 450 </leader>
  <controlfield tag="001">IT\ICCU\CNCE\029935</controlfield>
  <controlfield tag="005">20090821000000.0</controlfield>
  <datafield tag="012" ind1=" " ind2=" ">
    <subfield code="a">elu- neo- faad ilga (C) 1515 (A)</subfield>
    <subfield code="2">fei</subfield>
  </datafield>
  <datafield tag="100" ind1=" " ind2=" ">
    <subfield code="a">19971124d1515        0itac0103    ba</subfield>
  </datafield>
  <datafield tag="101" ind1=" " ind2=" ">
    <subfield code="a">ITA</subfield>
  </datafield>
  <datafield tag="102" ind1=" " ind2=" ">
    <subfield code="a">IT</subfield>
  </datafield>
  <datafield tag="200" ind1="1" ind2=" ">
    <subfield code="a">Joanne de Mandauilla: qual tracta delle pi ̮marauegliose cose e pi ̮notabile che se trouino, e como presentialmente ha cercato tutte le parte habitabile del mondo, &amp; ha notato alchune degne cose che ha vedute in esse parte. Et chi legera questo libro hauera cognitione de tutti li reami prouince e populi &amp; de loro costumi e lezi &amp; de al tre belle hystorie e degne antigitade</subfield>
  </datafield>
  <datafield tag="210" ind1=" " ind2=" ">
    <subfield code="a">\Venezia</subfield>
    <subfield code="c">Melchiorre Sessa il vecchio!</subfield>
    <subfield code="e">Impresso in Venetia</subfield>
    <subfield code="g">per Marchio Sessa</subfield>
    <subfield code="h">1515 adi 22 de Zugno</subfield>
  </datafield>
  <datafield tag="215" ind1=" " ind2=" ">
    <subfield code="a">\68! c.</subfield>
    <subfield code="d">4ʻ</subfield>
  </datafield>
  <datafield tag="620" ind1=" " ind2=" ">
    <subfield code="a">IT</subfield>
    <subfield code="d">Venezia</subfield>
  </datafield>
  <datafield tag="700" ind1=" " ind2="1">
    <subfield code="a">Mandeville,</subfield>
    <subfield code="b">John</subfield>
    <subfield code="c"> &lt;sir&gt;</subfield>
    <subfield code="3">IT\ICCU\CNCA\008116</subfield>
  </datafield>
  <datafield tag="712" ind1="0" ind2="0">
    <subfield code="a">Sessa, Melchiorre</subfield>
    <subfield code="c"> &lt;1.&gt;</subfield>
    <subfield code="3">IT\ICCU\CNCT\000057</subfield>
    <subfield code="4">650</subfield>
  </datafield>
  <datafield tag="790" ind1=" " ind2="0">
    <subfield code="a">Jean</subfield>
    <subfield code="c"> : de#Mandeville</subfield>
    <subfield code="3">IT\ICCU\CNCA\016281</subfield>
    <subfield code="z">Mandeville, John &lt;sir&gt;</subfield>
  </datafield>
  <datafield tag="790" ind1=" " ind2="1">
    <subfield code="a">Mandavilla,</subfield>
    <subfield code="b">Giovanni</subfield>
    <subfield code="3">IT\ICCU\CNCA\020618</subfield>
    <subfield code="z">Mandeville, John &lt;sir&gt;</subfield>
  </datafield>
  <datafield tag="790" ind1=" " ind2="0">
    <subfield code="a">Giovanni</subfield>
    <subfield code="c"> : da#Mandavilla</subfield>
    <subfield code="3">IT\ICCU\CNCA\020619</subfield>
    <subfield code="z">Mandeville, John &lt;sir&gt;</subfield>
  </datafield>
  <datafield tag="791" ind1="0" ind2="0">
    <subfield code="a">Sessa, Marchio</subfield>
    <subfield code="c"> &lt;1.&gt;</subfield>
    <subfield code="3">IT\ICCU\CNCT\005661</subfield>
    <subfield code="z">Sessa, Melchiorre &lt;1.&gt;</subfield>
  </datafield>
  <datafield tag="801" ind1=" " ind2="3">
    <subfield code="a">IT</subfield>
    <subfield code="b">ICCU</subfield>
    <subfield code="c">20201114</subfield>
  </datafield>
  <datafield tag="899" ind1=" " ind2=" ">
    <subfield code="a">Biblioteca regionale universitaria. Messina</subfield>
    <subfield code="1">ME0050</subfield>
    <subfield code="2">PAL BM</subfield>
  </datafield>
  <datafield tag="899" ind1=" " ind2=" ">
    <subfield code="a">Biblioteca universitaria. Padova</subfield>
    <subfield code="1">PD0158</subfield>
    <subfield code="2">PUV 00</subfield>
  </datafield>
  <datafield tag="911" ind1=" " ind2=" ">
    <subfield code="a">Sul front.</subfield>
    <subfield code="9">IT\ICCU\CNCM\000116</subfield>
  </datafield>
  <datafield tag="911" ind1=" " ind2=" ">
    <subfield code="a">Nel colophon</subfield>
    <subfield code="9">IT\ICCU\CNCM\000550</subfield>
  </datafield>
  <datafield tag="921" ind1=" " ind2=" ">
    <subfield code="a">IT\ICCU\CNCM\000116</subfield>
    <subfield code="b">Gatto con topo in bocca in cerchio sormontato da corona. Ai lati le iniziali M.S.</subfield>
    <subfield code="c">K295</subfield>
    <subfield code="c">V473</subfield>
    <subfield code="c">Z595</subfield>
    <subfield code="d">Dimensioni: 5,4 x 7,1</subfield>
    <subfield code="f">GATTO</subfield>
    <subfield code="f">TOPO</subfield>
    <subfield code="f">CPRPNA</subfield>
    <subfield code="f">MS</subfield>
    <subfield code="g">1510-1540</subfield>
  </datafield>
  <datafield tag="921" ind1=" " ind2=" ">
    <subfield code="a">IT\ICCU\CNCM\000550</subfield>
    <subfield code="b">Cerchio con croce tripla e iniziali M.S.</subfield>
    <subfield code="c">K297</subfield>
    <subfield code="c">Z314</subfield>
    <subfield code="d">Dimensioni: 3,2 x 3,7</subfield>
    <subfield code="f">CERCHIO</subfield>
    <subfield code="f">CROCE</subfield>
    <subfield code="f">MS</subfield>
    <subfield code="g">1510-1525</subfield>
  </datafield>
</record>
</collection>
